@manual{NGMP,
title = {{NGMP - Data Sheet and User Manual}},
author = {Cobham Gaisler},
year = {2011}}
